%YAML 1.1
%TAG !u! tag:unity3d.com,2011:
--- !u!29 &1
OcclusionCullingSettings:
  m_ObjectHideFlags: 0
  serializedVersion: 2
  m_OcclusionBakeSettings:
    smallestOccluder: 5
    smallestHole: 0.25
    backfaceThreshold: 100
  m_SceneGUID: 00000000000000000000000000000000
  m_OcclusionCullingData: {fileID: 0}
--- !u!104 &2
RenderSettings:
  m_ObjectHideFlags: 0
  serializedVersion: 8
  m_Fog: 0
  m_FogColor: {r: 0.5, g: 0.5, b: 0.5, a: 1}
  m_FogMode: 3
  m_FogDensity: 0.01
  m_LinearFogStart: 0
  m_LinearFogEnd: 300
  m_AmbientSkyColor: {r: 0.212, g: 0.227, b: 0.259, a: 1}
  m_AmbientEquatorColor: {r: 0.114, g: 0.125, b: 0.133, a: 1}
  m_AmbientGroundColor: {r: 0.047, g: 0.043, b: 0.035, a: 1}
  m_AmbientIntensity: 1
  m_AmbientMode: 3
  m_SubtractiveShadowColor: {r: 0.42, g: 0.478, b: 0.627, a: 1}
  m_SkyboxMaterial: {fileID: 0}
  m_HaloStrength: 0.5
  m_FlareStrength: 1
  m_FlareFadeSpeed: 3
  m_HaloTexture: {fileID: 0}
  m_SpotCookie: {fileID: 10001, guid: 0000000000000000e000000000000000, type: 0}
  m_DefaultReflectionMode: 0
  m_DefaultReflectionResolution: 128
  m_ReflectionBounces: 1
  m_ReflectionIntensity: 1
  m_CustomReflection: {fileID: 0}
  m_Sun: {fileID: 0}
  m_IndirectSpecularColor: {r: 0, g: 0, b: 0, a: 1}
--- !u!157 &3
LightmapSettings:
  m_ObjectHideFlags: 0
  serializedVersion: 11
  m_GIWorkflowMode: 1
  m_GISettings:
    serializedVersion: 2
    m_BounceScale: 1
    m_IndirectOutputScale: 1
    m_AlbedoBoost: 1
    m_TemporalCoherenceThreshold: 1
    m_EnvironmentLightingMode: 0
    m_EnableBakedLightmaps: 0
    m_EnableRealtimeLightmaps: 0
  m_LightmapEditorSettings:
    serializedVersion: 9
    m_Resolution: 2
    m_BakeResolution: 40
    m_TextureWidth: 1024
    m_TextureHeight: 1024
    m_AO: 0
    m_AOMaxDistance: 1
    m_CompAOExponent: 1
    m_CompAOExponentDirect: 0
    m_Padding: 2
    m_LightmapParameters: {fileID: 0}
    m_LightmapsBakeMode: 1
    m_TextureCompression: 1
    m_FinalGather: 0
    m_FinalGatherFiltering: 1
    m_FinalGatherRayCount: 256
    m_ReflectionCompression: 2
    m_MixedBakeMode: 2
    m_BakeBackend: 0
    m_PVRSampling: 1
    m_PVRDirectSampleCount: 32
    m_PVRSampleCount: 500
    m_PVRBounces: 2
    m_PVRFiltering: 0
    m_PVRFilteringMode: 1
    m_PVRCulling: 1
    m_PVRFilteringGaussRadiusDirect: 1
    m_PVRFilteringGaussRadiusIndirect: 5
    m_PVRFilteringGaussRadiusAO: 2
    m_PVRFilteringAtrousColorSigma: 1
    m_PVRFilteringAtrousNormalSigma: 1
    m_PVRFilteringAtrousPositionSigma: 1
  m_LightingDataAsset: {fileID: 0}
  m_UseShadowmask: 1
--- !u!196 &4
NavMeshSettings:
  serializedVersion: 2
  m_ObjectHideFlags: 0
  m_BuildSettings:
    serializedVersion: 2
    agentTypeID: 0
    agentRadius: 0.5
    agentHeight: 2
    agentSlope: 45
    agentClimb: 0.4
    ledgeDropHeight: 0
    maxJumpAcrossDistance: 0
    minRegionArea: 2
    manualCellSize: 0
    cellSize: 0.16666667
    manualTileSize: 0
    tileSize: 256
    accuratePlacement: 0
  m_NavMeshData: {fileID: 0}
--- !u!1 &47210532
GameObject:
  m_ObjectHideFlags: 0
  m_PrefabParentObject: {fileID: 1147076229428704, guid: cc583d0688a416944a53ab9ac352b5e0,
    type: 2}
  m_PrefabInternal: {fileID: 0}
  serializedVersion: 5
  m_Component:
  - component: {fileID: 47210534}
  - component: {fileID: 47210533}
  m_Layer: 0
  m_Name: Sword2
  m_TagString: Untagged
  m_Icon: {fileID: 0}
  m_NavMeshLayer: 0
  m_StaticEditorFlags: 0
  m_IsActive: 0
--- !u!212 &47210533
SpriteRenderer:
  m_ObjectHideFlags: 0
  m_PrefabParentObject: {fileID: 212546637607197584, guid: cc583d0688a416944a53ab9ac352b5e0,
    type: 2}
  m_PrefabInternal: {fileID: 0}
  m_GameObject: {fileID: 47210532}
  m_Enabled: 1
  m_CastShadows: 0
  m_ReceiveShadows: 0
  m_MotionVectors: 1
  m_LightProbeUsage: 1
  m_ReflectionProbeUsage: 1
  m_Materials:
  - {fileID: 10754, guid: 0000000000000000f000000000000000, type: 0}
  m_StaticBatchInfo:
    firstSubMesh: 0
    subMeshCount: 0
  m_StaticBatchRoot: {fileID: 0}
  m_ProbeAnchor: {fileID: 0}
  m_LightProbeVolumeOverride: {fileID: 0}
  m_ScaleInLightmap: 1
  m_PreserveUVs: 0
  m_IgnoreNormalsForChartDetection: 0
  m_ImportantGI: 0
  m_SelectedEditorRenderState: 0
  m_MinimumChartSize: 4
  m_AutoUVMaxDistance: 0.5
  m_AutoUVMaxAngle: 89
  m_LightmapParameters: {fileID: 0}
  m_SortingLayerID: 872414141
  m_SortingLayer: 4
  m_SortingOrder: 1
  m_Sprite: {fileID: 21300000, guid: 2c1dfb05108d150478174bffbbd8f9b6, type: 3}
  m_Color: {r: 1, g: 1, b: 1, a: 1}
  m_FlipX: 0
  m_FlipY: 0
  m_DrawMode: 0
  m_Size: {x: 0.25, y: 0.625}
  m_AdaptiveModeThreshold: 0.5
  m_SpriteTileMode: 0
  m_WasSpriteAssigned: 1
  m_MaskInteraction: 0
--- !u!4 &47210534
Transform:
  m_ObjectHideFlags: 0
  m_PrefabParentObject: {fileID: 4150140712167698, guid: cc583d0688a416944a53ab9ac352b5e0,
    type: 2}
  m_PrefabInternal: {fileID: 0}
  m_GameObject: {fileID: 47210532}
  m_LocalRotation: {x: 1, y: 0, z: 0, w: 0}
  m_LocalPosition: {x: -0.326, y: 0.011, z: 0}
  m_LocalScale: {x: 0.56193966, y: 0.54772204, z: 1}
  m_Children: []
  m_Father: {fileID: 250085941}
  m_RootOrder: 1
  m_LocalEulerAnglesHint: {x: 180, y: 0, z: 0}
--- !u!1 &250085940
GameObject:
  m_ObjectHideFlags: 0
  m_PrefabParentObject: {fileID: 1907208145905882, guid: cc583d0688a416944a53ab9ac352b5e0,
    type: 2}
  m_PrefabInternal: {fileID: 0}
  serializedVersion: 5
  m_Component:
  - component: {fileID: 250085941}
  m_Layer: 0
  m_Name: Weapon
  m_TagString: Untagged
  m_Icon: {fileID: 0}
  m_NavMeshLayer: 0
  m_StaticEditorFlags: 0
  m_IsActive: 1
--- !u!4 &250085941
Transform:
  m_ObjectHideFlags: 0
  m_PrefabParentObject: {fileID: 4533454748906676, guid: cc583d0688a416944a53ab9ac352b5e0,
    type: 2}
  m_PrefabInternal: {fileID: 0}
  m_GameObject: {fileID: 250085940}
  m_LocalRotation: {x: 0, y: 0, z: 0, w: 1}
  m_LocalPosition: {x: 0, y: 0, z: 0}
  m_LocalScale: {x: 1, y: 1, z: 1}
  m_Children:
  - {fileID: 1776511701}
  - {fileID: 47210534}
  m_Father: {fileID: 1782234617}
  m_RootOrder: 1
  m_LocalEulerAnglesHint: {x: 0, y: 0, z: 0}
--- !u!1001 &264790276
Prefab:
  m_ObjectHideFlags: 0
  serializedVersion: 2
  m_Modification:
    m_TransformParent: {fileID: 1782234617}
    m_Modifications:
    - target: {fileID: 4048379331276772, guid: c0a1faaafd72a0a459a793aee30c673c, type: 2}
      propertyPath: m_LocalPosition.x
      value: 0.39908072
      objectReference: {fileID: 0}
    - target: {fileID: 4048379331276772, guid: c0a1faaafd72a0a459a793aee30c673c, type: 2}
      propertyPath: m_LocalPosition.y
      value: 0.40956688
      objectReference: {fileID: 0}
    - target: {fileID: 4048379331276772, guid: c0a1faaafd72a0a459a793aee30c673c, type: 2}
      propertyPath: m_LocalPosition.z
      value: 0
      objectReference: {fileID: 0}
    - target: {fileID: 4048379331276772, guid: c0a1faaafd72a0a459a793aee30c673c, type: 2}
      propertyPath: m_LocalRotation.x
      value: -0
      objectReference: {fileID: 0}
    - target: {fileID: 4048379331276772, guid: c0a1faaafd72a0a459a793aee30c673c, type: 2}
      propertyPath: m_LocalRotation.y
      value: -0
      objectReference: {fileID: 0}
    - target: {fileID: 4048379331276772, guid: c0a1faaafd72a0a459a793aee30c673c, type: 2}
      propertyPath: m_LocalRotation.z
      value: -0
      objectReference: {fileID: 0}
    - target: {fileID: 4048379331276772, guid: c0a1faaafd72a0a459a793aee30c673c, type: 2}
      propertyPath: m_LocalRotation.w
      value: 1
      objectReference: {fileID: 0}
    - target: {fileID: 4048379331276772, guid: c0a1faaafd72a0a459a793aee30c673c, type: 2}
      propertyPath: m_RootOrder
      value: 0
      objectReference: {fileID: 0}
    m_RemovedComponents: []
  m_ParentPrefab: {fileID: 100100000, guid: c0a1faaafd72a0a459a793aee30c673c, type: 2}
  m_IsPrefabParent: 0
--- !u!1001 &265442631
Prefab:
  m_ObjectHideFlags: 0
  serializedVersion: 2
  m_Modification:
    m_TransformParent: {fileID: 0}
    m_Modifications:
    - target: {fileID: 224809279212308582, guid: d0a31c3fa902eb1408cc7ab90b5f196e,
        type: 2}
      propertyPath: m_LocalPosition.x
      value: 0
      objectReference: {fileID: 0}
    - target: {fileID: 224809279212308582, guid: d0a31c3fa902eb1408cc7ab90b5f196e,
        type: 2}
      propertyPath: m_LocalPosition.y
      value: 0
      objectReference: {fileID: 0}
    - target: {fileID: 224809279212308582, guid: d0a31c3fa902eb1408cc7ab90b5f196e,
        type: 2}
      propertyPath: m_LocalPosition.z
      value: 0
      objectReference: {fileID: 0}
    - target: {fileID: 224809279212308582, guid: d0a31c3fa902eb1408cc7ab90b5f196e,
        type: 2}
      propertyPath: m_LocalRotation.x
      value: 0
      objectReference: {fileID: 0}
    - target: {fileID: 224809279212308582, guid: d0a31c3fa902eb1408cc7ab90b5f196e,
        type: 2}
      propertyPath: m_LocalRotation.y
      value: 0
      objectReference: {fileID: 0}
    - target: {fileID: 224809279212308582, guid: d0a31c3fa902eb1408cc7ab90b5f196e,
        type: 2}
      propertyPath: m_LocalRotation.z
      value: 0
      objectReference: {fileID: 0}
    - target: {fileID: 224809279212308582, guid: d0a31c3fa902eb1408cc7ab90b5f196e,
        type: 2}
      propertyPath: m_LocalRotation.w
      value: 1
      objectReference: {fileID: 0}
    - target: {fileID: 224809279212308582, guid: d0a31c3fa902eb1408cc7ab90b5f196e,
        type: 2}
      propertyPath: m_RootOrder
      value: 4
      objectReference: {fileID: 0}
    - target: {fileID: 224809279212308582, guid: d0a31c3fa902eb1408cc7ab90b5f196e,
        type: 2}
      propertyPath: m_AnchoredPosition.x
      value: 0
      objectReference: {fileID: 0}
    - target: {fileID: 224809279212308582, guid: d0a31c3fa902eb1408cc7ab90b5f196e,
        type: 2}
      propertyPath: m_AnchoredPosition.y
      value: 0
      objectReference: {fileID: 0}
    - target: {fileID: 224809279212308582, guid: d0a31c3fa902eb1408cc7ab90b5f196e,
        type: 2}
      propertyPath: m_SizeDelta.x
      value: 0
      objectReference: {fileID: 0}
    - target: {fileID: 224809279212308582, guid: d0a31c3fa902eb1408cc7ab90b5f196e,
        type: 2}
      propertyPath: m_SizeDelta.y
      value: 0
      objectReference: {fileID: 0}
    - target: {fileID: 224809279212308582, guid: d0a31c3fa902eb1408cc7ab90b5f196e,
        type: 2}
      propertyPath: m_AnchorMin.x
      value: 0
      objectReference: {fileID: 0}
    - target: {fileID: 224809279212308582, guid: d0a31c3fa902eb1408cc7ab90b5f196e,
        type: 2}
      propertyPath: m_AnchorMin.y
      value: 0
      objectReference: {fileID: 0}
    - target: {fileID: 224809279212308582, guid: d0a31c3fa902eb1408cc7ab90b5f196e,
        type: 2}
      propertyPath: m_AnchorMax.x
      value: 0
      objectReference: {fileID: 0}
    - target: {fileID: 224809279212308582, guid: d0a31c3fa902eb1408cc7ab90b5f196e,
        type: 2}
      propertyPath: m_AnchorMax.y
      value: 0
      objectReference: {fileID: 0}
    - target: {fileID: 224809279212308582, guid: d0a31c3fa902eb1408cc7ab90b5f196e,
        type: 2}
      propertyPath: m_Pivot.x
      value: 0
      objectReference: {fileID: 0}
    - target: {fileID: 224809279212308582, guid: d0a31c3fa902eb1408cc7ab90b5f196e,
        type: 2}
      propertyPath: m_Pivot.y
      value: 0
      objectReference: {fileID: 0}
    - target: {fileID: 1123414226958584, guid: d0a31c3fa902eb1408cc7ab90b5f196e, type: 2}
      propertyPath: m_IsActive
      value: 0
      objectReference: {fileID: 0}
    - target: {fileID: 224345815601294334, guid: d0a31c3fa902eb1408cc7ab90b5f196e,
        type: 2}
      propertyPath: m_AnchoredPosition.x
      value: 24.4
      objectReference: {fileID: 0}
    - target: {fileID: 224345815601294334, guid: d0a31c3fa902eb1408cc7ab90b5f196e,
        type: 2}
      propertyPath: m_AnchoredPosition.y
      value: 5.5
      objectReference: {fileID: 0}
    - target: {fileID: 224345815601294334, guid: d0a31c3fa902eb1408cc7ab90b5f196e,
        type: 2}
      propertyPath: m_SizeDelta.x
      value: 667
      objectReference: {fileID: 0}
    - target: {fileID: 224345815601294334, guid: d0a31c3fa902eb1408cc7ab90b5f196e,
        type: 2}
      propertyPath: m_SizeDelta.y
      value: 468.8
      objectReference: {fileID: 0}
    m_RemovedComponents: []
  m_ParentPrefab: {fileID: 100100000, guid: d0a31c3fa902eb1408cc7ab90b5f196e, type: 2}
  m_IsPrefabParent: 0
--- !u!224 &265442632 stripped
RectTransform:
  m_PrefabParentObject: {fileID: 224809279212308582, guid: d0a31c3fa902eb1408cc7ab90b5f196e,
    type: 2}
  m_PrefabInternal: {fileID: 265442631}
--- !u!114 &265442633 stripped
MonoBehaviour:
  m_PrefabParentObject: {fileID: 114802911202851108, guid: d0a31c3fa902eb1408cc7ab90b5f196e,
    type: 2}
  m_PrefabInternal: {fileID: 265442631}
  m_Script: {fileID: 708705254, guid: f70555f144d8491a825f0804e09c671c, type: 3}
--- !u!114 &265442634 stripped
MonoBehaviour:
  m_PrefabParentObject: {fileID: 114541773825114934, guid: d0a31c3fa902eb1408cc7ab90b5f196e,
    type: 2}
  m_PrefabInternal: {fileID: 265442631}
  m_Script: {fileID: 708705254, guid: f70555f144d8491a825f0804e09c671c, type: 3}
--- !u!114 &265442635 stripped
MonoBehaviour:
  m_PrefabParentObject: {fileID: 114947911502304546, guid: d0a31c3fa902eb1408cc7ab90b5f196e,
    type: 2}
  m_PrefabInternal: {fileID: 265442631}
  m_Script: {fileID: -765806418, guid: f70555f144d8491a825f0804e09c671c, type: 3}
--- !u!1 &468380224
GameObject:
  m_ObjectHideFlags: 0
  m_PrefabParentObject: {fileID: 0}
  m_PrefabInternal: {fileID: 0}
  serializedVersion: 5
  m_Component:
  - component: {fileID: 468380225}
  - component: {fileID: 468380226}
  m_Layer: 5
  m_Name: CinematicsManager
  m_TagString: Untagged
  m_Icon: {fileID: 0}
  m_NavMeshLayer: 0
  m_StaticEditorFlags: 0
  m_IsActive: 1
--- !u!224 &468380225
RectTransform:
  m_ObjectHideFlags: 0
  m_PrefabParentObject: {fileID: 0}
  m_PrefabInternal: {fileID: 0}
  m_GameObject: {fileID: 468380224}
  m_LocalRotation: {x: -0, y: -0, z: -0, w: 1}
  m_LocalPosition: {x: 0, y: 0, z: 0}
  m_LocalScale: {x: 1, y: 1, z: 1}
  m_Children: []
  m_Father: {fileID: 0}
  m_RootOrder: 3
  m_LocalEulerAnglesHint: {x: 0, y: 0, z: 0}
  m_AnchorMin: {x: 0.5, y: 0.5}
  m_AnchorMax: {x: 0.5, y: 0.5}
  m_AnchoredPosition: {x: 425.55, y: 159.5}
  m_SizeDelta: {x: 100, y: 100}
  m_Pivot: {x: 0.5, y: 0.5}
--- !u!114 &468380226
MonoBehaviour:
  m_ObjectHideFlags: 0
  m_PrefabParentObject: {fileID: 0}
  m_PrefabInternal: {fileID: 0}
  m_GameObject: {fileID: 468380224}
  m_Enabled: 1
  m_EditorHideFlags: 0
  m_Script: {fileID: 11500000, guid: 10719d212d095884ea3c3ae8d50161b3, type: 3}
  m_Name: 
  m_EditorClassIdentifier: 
  dialogueBox: {fileID: 265442635}
  Name: {fileID: 265442634}
  Body: {fileID: 265442633}
  ID: {fileID: 706637386}
  MainCharacter: {fileID: 1395405471}
  Pencils: {fileID: 1081078493}
  Chatbubble: {fileID: 593208374}
  pencil1: {fileID: 1776511700}
  pencil2: {fileID: 47210532}
  MouseClick: {fileID: 1266721339}
--- !u!1001 &468868257
Prefab:
  m_ObjectHideFlags: 0
  serializedVersion: 2
  m_Modification:
    m_TransformParent: {fileID: 0}
    m_Modifications:
    - target: {fileID: 4102288167120172, guid: fa98ab89b9c855a48b2d8d358cbca5d0, type: 2}
      propertyPath: m_LocalPosition.x
      value: -329.83893
      objectReference: {fileID: 0}
    - target: {fileID: 4102288167120172, guid: fa98ab89b9c855a48b2d8d358cbca5d0, type: 2}
      propertyPath: m_LocalPosition.y
      value: 290.4725
      objectReference: {fileID: 0}
    - target: {fileID: 4102288167120172, guid: fa98ab89b9c855a48b2d8d358cbca5d0, type: 2}
      propertyPath: m_LocalPosition.z
      value: 0
      objectReference: {fileID: 0}
    - target: {fileID: 4102288167120172, guid: fa98ab89b9c855a48b2d8d358cbca5d0, type: 2}
      propertyPath: m_LocalRotation.x
      value: 0
      objectReference: {fileID: 0}
    - target: {fileID: 4102288167120172, guid: fa98ab89b9c855a48b2d8d358cbca5d0, type: 2}
      propertyPath: m_LocalRotation.y
      value: 0
      objectReference: {fileID: 0}
    - target: {fileID: 4102288167120172, guid: fa98ab89b9c855a48b2d8d358cbca5d0, type: 2}
      propertyPath: m_LocalRotation.z
      value: 0
      objectReference: {fileID: 0}
    - target: {fileID: 4102288167120172, guid: fa98ab89b9c855a48b2d8d358cbca5d0, type: 2}
      propertyPath: m_LocalRotation.w
      value: 1
      objectReference: {fileID: 0}
    - target: {fileID: 4102288167120172, guid: fa98ab89b9c855a48b2d8d358cbca5d0, type: 2}
      propertyPath: m_RootOrder
      value: 1
      objectReference: {fileID: 0}
    - target: {fileID: 1447881957564490, guid: fa98ab89b9c855a48b2d8d358cbca5d0, type: 2}
      propertyPath: m_IsActive
      value: 1
      objectReference: {fileID: 0}
    - target: {fileID: 1012876003996152, guid: fa98ab89b9c855a48b2d8d358cbca5d0, type: 2}
      propertyPath: m_IsActive
      value: 0
      objectReference: {fileID: 0}
    m_RemovedComponents: []
  m_ParentPrefab: {fileID: 100100000, guid: fa98ab89b9c855a48b2d8d358cbca5d0, type: 2}
  m_IsPrefabParent: 0
--- !u!1 &468868258 stripped
GameObject:
  m_PrefabParentObject: {fileID: 1672735378979434, guid: fa98ab89b9c855a48b2d8d358cbca5d0,
    type: 2}
  m_PrefabInternal: {fileID: 468868257}
--- !u!212 &468868259
SpriteRenderer:
  m_ObjectHideFlags: 0
  m_PrefabParentObject: {fileID: 0}
  m_PrefabInternal: {fileID: 0}
  m_GameObject: {fileID: 468868258}
  m_Enabled: 1
  m_CastShadows: 0
  m_ReceiveShadows: 0
  m_MotionVectors: 1
  m_LightProbeUsage: 1
  m_ReflectionProbeUsage: 1
  m_Materials:
  - {fileID: 10754, guid: 0000000000000000f000000000000000, type: 0}
  m_StaticBatchInfo:
    firstSubMesh: 0
    subMeshCount: 0
  m_StaticBatchRoot: {fileID: 0}
  m_ProbeAnchor: {fileID: 0}
  m_LightProbeVolumeOverride: {fileID: 0}
  m_ScaleInLightmap: 1
  m_PreserveUVs: 0
  m_IgnoreNormalsForChartDetection: 0
  m_ImportantGI: 0
  m_SelectedEditorRenderState: 0
  m_MinimumChartSize: 4
  m_AutoUVMaxDistance: 0.5
  m_AutoUVMaxAngle: 89
  m_LightmapParameters: {fileID: 0}
  m_SortingLayerID: -1072600825
  m_SortingLayer: 1
  m_SortingOrder: 0
  m_Sprite: {fileID: 0}
  m_Color: {r: 1, g: 1, b: 1, a: 1}
  m_FlipX: 0
  m_FlipY: 0
  m_DrawMode: 0
  m_Size: {x: 1, y: 1}
  m_AdaptiveModeThreshold: 0.5
  m_SpriteTileMode: 0
  m_WasSpriteAssigned: 0
  m_MaskInteraction: 0
--- !u!1 &593208374 stripped
GameObject:
  m_PrefabParentObject: {fileID: 1096235525697404, guid: c0a1faaafd72a0a459a793aee30c673c,
    type: 2}
  m_PrefabInternal: {fileID: 264790276}
--- !u!4 &593208375 stripped
Transform:
  m_PrefabParentObject: {fileID: 4048379331276772, guid: c0a1faaafd72a0a459a793aee30c673c,
    type: 2}
  m_PrefabInternal: {fileID: 264790276}
--- !u!114 &706637386 stripped
MonoBehaviour:
  m_PrefabParentObject: {fileID: 114489616295968448, guid: d0a31c3fa902eb1408cc7ab90b5f196e,
    type: 2}
  m_PrefabInternal: {fileID: 265442631}
  m_Script: {fileID: -765806418, guid: f70555f144d8491a825f0804e09c671c, type: 3}
--- !u!1 &1081078493 stripped
GameObject:
  m_PrefabParentObject: {fileID: 1022062419241002, guid: d0a31c3fa902eb1408cc7ab90b5f196e,
    type: 2}
  m_PrefabInternal: {fileID: 265442631}
--- !u!1 &1266721337
GameObject:
  m_ObjectHideFlags: 0
  m_PrefabParentObject: {fileID: 1123414226958584, guid: d0a31c3fa902eb1408cc7ab90b5f196e,
    type: 2}
  m_PrefabInternal: {fileID: 0}
  serializedVersion: 5
  m_Component:
  - component: {fileID: 1266721338}
  - component: {fileID: 1266721340}
  - component: {fileID: 1266721339}
  m_Layer: 5
  m_Name: Image (1)
  m_TagString: Untagged
  m_Icon: {fileID: 0}
  m_NavMeshLayer: 0
  m_StaticEditorFlags: 0
  m_IsActive: 0
--- !u!224 &1266721338
RectTransform:
  m_ObjectHideFlags: 0
  m_PrefabParentObject: {fileID: 224345815601294334, guid: d0a31c3fa902eb1408cc7ab90b5f196e,
    type: 2}
  m_PrefabInternal: {fileID: 0}
  m_GameObject: {fileID: 1266721337}
  m_LocalRotation: {x: -0, y: -0, z: -0, w: 1}
  m_LocalPosition: {x: 0, y: 0, z: 0}
  m_LocalScale: {x: 1, y: 1, z: 1}
  m_Children: []
  m_Father: {fileID: 265442632}
  m_RootOrder: 6
  m_LocalEulerAnglesHint: {x: 0, y: 0, z: 0}
  m_AnchorMin: {x: 0.5, y: 0.5}
  m_AnchorMax: {x: 0.5, y: 0.5}
  m_AnchoredPosition: {x: 221.2, y: 55}
  m_SizeDelta: {x: 243.6, y: 164.8}
  m_Pivot: {x: 0.5, y: 0.5}
--- !u!114 &1266721339
MonoBehaviour:
  m_ObjectHideFlags: 0
  m_PrefabParentObject: {fileID: 114489616295968448, guid: d0a31c3fa902eb1408cc7ab90b5f196e,
    type: 2}
  m_PrefabInternal: {fileID: 0}
  m_GameObject: {fileID: 1266721337}
  m_Enabled: 1
  m_EditorHideFlags: 0
  m_Script: {fileID: -765806418, guid: f70555f144d8491a825f0804e09c671c, type: 3}
  m_Name: 
  m_EditorClassIdentifier: 
  m_Material: {fileID: 0}
  m_Color: {r: 1, g: 1, b: 1, a: 1}
  m_RaycastTarget: 1
  m_OnCullStateChanged:
    m_PersistentCalls:
      m_Calls: []
    m_TypeName: UnityEngine.UI.MaskableGraphic+CullStateChangedEvent, UnityEngine.UI,
      Version=1.0.0.0, Culture=neutral, PublicKeyToken=null
  m_Sprite: {fileID: 21300000, guid: 46c0627226a4cd04084cbcf53d026e49, type: 3}
  m_Type: 0
  m_PreserveAspect: 0
  m_FillCenter: 1
  m_FillMethod: 4
  m_FillAmount: 1
  m_FillClockwise: 1
  m_FillOrigin: 0
--- !u!222 &1266721340
CanvasRenderer:
  m_ObjectHideFlags: 0
  m_PrefabParentObject: {fileID: 222568942438300188, guid: d0a31c3fa902eb1408cc7ab90b5f196e,
    type: 2}
  m_PrefabInternal: {fileID: 0}
  m_GameObject: {fileID: 1266721337}
--- !u!114 &1395405471 stripped
MonoBehaviour:
  m_PrefabParentObject: {fileID: 114431456071918056, guid: d0a31c3fa902eb1408cc7ab90b5f196e,
    type: 2}
  m_PrefabInternal: {fileID: 265442631}
  m_Script: {fileID: -765806418, guid: f70555f144d8491a825f0804e09c671c, type: 3}
--- !u!1001 &1486907962
Prefab:
  m_ObjectHideFlags: 0
  serializedVersion: 2
  m_Modification:
    m_TransformParent: {fileID: 0}
    m_Modifications:
    - target: {fileID: 4361123917704704, guid: d6ca6d8c73928a24f96261d6ddddf5b2, type: 2}
      propertyPath: m_LocalPosition.x
      value: 0
      objectReference: {fileID: 0}
    - target: {fileID: 4361123917704704, guid: d6ca6d8c73928a24f96261d6ddddf5b2, type: 2}
      propertyPath: m_LocalPosition.y
      value: -0.16999999
      objectReference: {fileID: 0}
    - target: {fileID: 4361123917704704, guid: d6ca6d8c73928a24f96261d6ddddf5b2, type: 2}
      propertyPath: m_LocalPosition.z
      value: -10
      objectReference: {fileID: 0}
    - target: {fileID: 4361123917704704, guid: d6ca6d8c73928a24f96261d6ddddf5b2, type: 2}
      propertyPath: m_LocalRotation.x
      value: -0
      objectReference: {fileID: 0}
    - target: {fileID: 4361123917704704, guid: d6ca6d8c73928a24f96261d6ddddf5b2, type: 2}
      propertyPath: m_LocalRotation.y
      value: -0
      objectReference: {fileID: 0}
    - target: {fileID: 4361123917704704, guid: d6ca6d8c73928a24f96261d6ddddf5b2, type: 2}
      propertyPath: m_LocalRotation.z
      value: -0
      objectReference: {fileID: 0}
    - target: {fileID: 4361123917704704, guid: d6ca6d8c73928a24f96261d6ddddf5b2, type: 2}
      propertyPath: m_LocalRotation.w
      value: 1
      objectReference: {fileID: 0}
    - target: {fileID: 4361123917704704, guid: d6ca6d8c73928a24f96261d6ddddf5b2, type: 2}
      propertyPath: m_RootOrder
      value: 2
      objectReference: {fileID: 0}
    - target: {fileID: 114404198383312098, guid: d6ca6d8c73928a24f96261d6ddddf5b2,
        type: 2}
      propertyPath: followTarget
      value: 
      objectReference: {fileID: 1782234616}
    - target: {fileID: 1297125955347834, guid: d6ca6d8c73928a24f96261d6ddddf5b2, type: 2}
      propertyPath: m_Name
      value: Main Camera
      objectReference: {fileID: 0}
    - target: {fileID: 114404198383312098, guid: d6ca6d8c73928a24f96261d6ddddf5b2,
        type: 2}
      propertyPath: m_Enabled
      value: 0
      objectReference: {fileID: 0}
    - target: {fileID: 20248257421470758, guid: d6ca6d8c73928a24f96261d6ddddf5b2,
        type: 2}
      propertyPath: orthographic size
      value: 24.79963
      objectReference: {fileID: 0}
    m_RemovedComponents:
    - {fileID: 114404198383312098, guid: d6ca6d8c73928a24f96261d6ddddf5b2, type: 2}
  m_ParentPrefab: {fileID: 100100000, guid: d6ca6d8c73928a24f96261d6ddddf5b2, type: 2}
  m_IsPrefabParent: 0
--- !u!1 &1568818415
GameObject:
  m_ObjectHideFlags: 0
  m_PrefabParentObject: {fileID: 0}
  m_PrefabInternal: {fileID: 0}
  serializedVersion: 5
  m_Component:
  - component: {fileID: 1568818417}
  - component: {fileID: 1568818416}
  - component: {fileID: 1568818418}
  m_Layer: 0
  m_Name: Sample Objects_531
  m_TagString: Untagged
  m_Icon: {fileID: 0}
  m_NavMeshLayer: 0
  m_StaticEditorFlags: 0
  m_IsActive: 1
--- !u!212 &1568818416
SpriteRenderer:
  m_ObjectHideFlags: 0
  m_PrefabParentObject: {fileID: 0}
  m_PrefabInternal: {fileID: 0}
  m_GameObject: {fileID: 1568818415}
  m_Enabled: 1
  m_CastShadows: 0
  m_ReceiveShadows: 0
  m_MotionVectors: 1
  m_LightProbeUsage: 1
  m_ReflectionProbeUsage: 1
  m_Materials:
  - {fileID: 10754, guid: 0000000000000000f000000000000000, type: 0}
  m_StaticBatchInfo:
    firstSubMesh: 0
    subMeshCount: 0
  m_StaticBatchRoot: {fileID: 0}
  m_ProbeAnchor: {fileID: 0}
  m_LightProbeVolumeOverride: {fileID: 0}
  m_ScaleInLightmap: 1
  m_PreserveUVs: 0
  m_IgnoreNormalsForChartDetection: 0
  m_ImportantGI: 0
  m_SelectedEditorRenderState: 0
  m_MinimumChartSize: 4
  m_AutoUVMaxDistance: 0.5
  m_AutoUVMaxAngle: 89
  m_LightmapParameters: {fileID: 0}
  m_SortingLayerID: 872414141
  m_SortingLayer: 4
  m_SortingOrder: -10
  m_Sprite: {fileID: 21301062, guid: aa2c5cbc7d7a7a34180b9fbd793251a8, type: 3}
  m_Color: {r: 1, g: 1, b: 1, a: 1}
  m_FlipX: 0
  m_FlipY: 0
  m_DrawMode: 0
  m_Size: {x: 1, y: 1}
  m_AdaptiveModeThreshold: 0.5
  m_SpriteTileMode: 0
  m_WasSpriteAssigned: 1
  m_MaskInteraction: 0
--- !u!4 &1568818417
Transform:
  m_ObjectHideFlags: 0
  m_PrefabParentObject: {fileID: 0}
  m_PrefabInternal: {fileID: 0}
  m_GameObject: {fileID: 1568818415}
  m_LocalRotation: {x: 0, y: 0, z: 0, w: 1}
  m_LocalPosition: {x: -20.96, y: -7.4, z: 0}
  m_LocalScale: {x: 9.221204, y: 8.059045, z: 1}
  m_Children: []
  m_Father: {fileID: 0}
  m_RootOrder: 5
  m_LocalEulerAnglesHint: {x: 0, y: 0, z: 0}
--- !u!58 &1568818418
CircleCollider2D:
  m_ObjectHideFlags: 0
  m_PrefabParentObject: {fileID: 0}
  m_PrefabInternal: {fileID: 0}
  m_GameObject: {fileID: 1568818415}
  m_Enabled: 1
  m_Density: 1
  m_Material: {fileID: 0}
  m_IsTrigger: 0
  m_UsedByEffector: 0
  m_UsedByComposite: 0
  m_Offset: {x: -0.03, y: -0.11}
  serializedVersion: 2
  m_Radius: 0.15
--- !u!1 &1776511700
GameObject:
  m_ObjectHideFlags: 0
  m_PrefabParentObject: {fileID: 1037319531124022, guid: cc583d0688a416944a53ab9ac352b5e0,
    type: 2}
  m_PrefabInternal: {fileID: 0}
  serializedVersion: 5
  m_Component:
  - component: {fileID: 1776511701}
  - component: {fileID: 1776511702}
  m_Layer: 0
  m_Name: Sword
  m_TagString: Untagged
  m_Icon: {fileID: 0}
  m_NavMeshLayer: 0
  m_StaticEditorFlags: 0
  m_IsActive: 0
--- !u!4 &1776511701
Transform:
  m_ObjectHideFlags: 0
  m_PrefabParentObject: {fileID: 4658015097011008, guid: cc583d0688a416944a53ab9ac352b5e0,
    type: 2}
  m_PrefabInternal: {fileID: 0}
  m_GameObject: {fileID: 1776511700}
  m_LocalRotation: {x: 1, y: 0, z: 0, w: 0}
  m_LocalPosition: {x: 0.293, y: 0.014, z: 0}
  m_LocalScale: {x: 0.61463016, y: 0.5849306, z: 1}
  m_Children: []
  m_Father: {fileID: 250085941}
  m_RootOrder: 0
  m_LocalEulerAnglesHint: {x: 180, y: 0, z: 0}
--- !u!212 &1776511702
SpriteRenderer:
  m_ObjectHideFlags: 0
  m_PrefabParentObject: {fileID: 212084905654222256, guid: cc583d0688a416944a53ab9ac352b5e0,
    type: 2}
  m_PrefabInternal: {fileID: 0}
  m_GameObject: {fileID: 1776511700}
  m_Enabled: 1
  m_CastShadows: 0
  m_ReceiveShadows: 0
  m_MotionVectors: 1
  m_LightProbeUsage: 1
  m_ReflectionProbeUsage: 1
  m_Materials:
  - {fileID: 10754, guid: 0000000000000000f000000000000000, type: 0}
  m_StaticBatchInfo:
    firstSubMesh: 0
    subMeshCount: 0
  m_StaticBatchRoot: {fileID: 0}
  m_ProbeAnchor: {fileID: 0}
  m_LightProbeVolumeOverride: {fileID: 0}
  m_ScaleInLightmap: 1
  m_PreserveUVs: 0
  m_IgnoreNormalsForChartDetection: 0
  m_ImportantGI: 0
  m_SelectedEditorRenderState: 0
  m_MinimumChartSize: 4
  m_AutoUVMaxDistance: 0.5
  m_AutoUVMaxAngle: 89
  m_LightmapParameters: {fileID: 0}
  m_SortingLayerID: 245312187
  m_SortingLayer: 5
  m_SortingOrder: 1
  m_Sprite: {fileID: 21300000, guid: 2c1dfb05108d150478174bffbbd8f9b6, type: 3}
  m_Color: {r: 1, g: 1, b: 1, a: 1}
  m_FlipX: 0
  m_FlipY: 0
  m_DrawMode: 0
  m_Size: {x: 0.25, y: 0.625}
  m_AdaptiveModeThreshold: 0.5
  m_SpriteTileMode: 0
  m_WasSpriteAssigned: 1
  m_MaskInteraction: 0
--- !u!1 &1782234616
GameObject:
  m_ObjectHideFlags: 0
  m_PrefabParentObject: {fileID: 1789172700765434, guid: cc583d0688a416944a53ab9ac352b5e0,
    type: 2}
  m_PrefabInternal: {fileID: 0}
  serializedVersion: 5
  m_Component:
  - component: {fileID: 1782234617}
  - component: {fileID: 1782234622}
  - component: {fileID: 1782234620}
  - component: {fileID: 1782234619}
  - component: {fileID: 1782234618}
  m_Layer: 0
  m_Name: Player
  m_TagString: Untagged
  m_Icon: {fileID: 0}
  m_NavMeshLayer: 0
  m_StaticEditorFlags: 0
  m_IsActive: 1
--- !u!4 &1782234617
Transform:
  m_ObjectHideFlags: 0
  m_PrefabParentObject: {fileID: 4036448635946788, guid: cc583d0688a416944a53ab9ac352b5e0,
    type: 2}
  m_PrefabInternal: {fileID: 0}
  m_GameObject: {fileID: 1782234616}
  m_LocalRotation: {x: 0, y: 0, z: 0, w: 1}
  m_LocalPosition: {x: -34.4, y: -6.3, z: 0}
  m_LocalScale: {x: 30.0691, y: 30.520046, z: 14.495491}
  m_Children:
  - {fileID: 593208375}
  - {fileID: 250085941}
  m_Father: {fileID: 0}
  m_RootOrder: 0
  m_LocalEulerAnglesHint: {x: 0, y: 0, z: 0}
--- !u!50 &1782234618
Rigidbody2D:
  serializedVersion: 4
  m_ObjectHideFlags: 0
  m_PrefabParentObject: {fileID: 50183283768795326, guid: cc583d0688a416944a53ab9ac352b5e0,
    type: 2}
  m_PrefabInternal: {fileID: 0}
  m_GameObject: {fileID: 1782234616}
  m_BodyType: 0
  m_Simulated: 1
  m_UseFullKinematicContacts: 0
  m_UseAutoMass: 0
  m_Mass: 1
  m_LinearDrag: 0
  m_AngularDrag: 0.05
  m_GravityScale: 0
  m_Material: {fileID: 0}
  m_Interpolate: 0
  m_SleepingMode: 1
  m_CollisionDetection: 0
  m_Constraints: 4
--- !u!61 &1782234619
BoxCollider2D:
  m_ObjectHideFlags: 0
  m_PrefabParentObject: {fileID: 61715812479689132, guid: cc583d0688a416944a53ab9ac352b5e0,
    type: 2}
  m_PrefabInternal: {fileID: 0}
  m_GameObject: {fileID: 1782234616}
  m_Enabled: 1
  m_Density: 1
  m_Material: {fileID: 0}
  m_IsTrigger: 0
  m_UsedByEffector: 0
  m_UsedByComposite: 0
  m_Offset: {x: 0, y: 0}
  m_SpriteTilingProperty:
    border: {x: 0, y: 0, z: 0, w: 0}
    pivot: {x: 0.5, y: 0.5}
    oldSize: {x: 0.3, y: 0.52}
    newSize: {x: 0.3, y: 0.52}
    adaptiveTilingThreshold: 0.5
    drawMode: 0
    adaptiveTiling: 0
  m_AutoTiling: 0
  serializedVersion: 2
  m_Size: {x: 0.3, y: 0.52}
  m_EdgeRadius: 0
--- !u!95 &1782234620
Animator:
  serializedVersion: 3
  m_ObjectHideFlags: 0
  m_PrefabParentObject: {fileID: 95337175386292678, guid: cc583d0688a416944a53ab9ac352b5e0,
    type: 2}
  m_PrefabInternal: {fileID: 0}
  m_GameObject: {fileID: 1782234616}
  m_Enabled: 1
  m_Avatar: {fileID: 0}
  m_Controller: {fileID: 9100000, guid: 4f5f3fd6e2e9c834a99dbb82753960d8, type: 2}
  m_CullingMode: 0
  m_UpdateMode: 0
  m_ApplyRootMotion: 0
  m_LinearVelocityBlending: 0
  m_WarningMessage: 
  m_HasTransformHierarchy: 1
  m_AllowConstantClipSamplingOptimization: 1
--- !u!212 &1782234622
SpriteRenderer:
  m_ObjectHideFlags: 0
  m_PrefabParentObject: {fileID: 212771977804402228, guid: cc583d0688a416944a53ab9ac352b5e0,
    type: 2}
  m_PrefabInternal: {fileID: 0}
  m_GameObject: {fileID: 1782234616}
  m_Enabled: 1
  m_CastShadows: 0
  m_ReceiveShadows: 0
  m_MotionVectors: 1
  m_LightProbeUsage: 1
  m_ReflectionProbeUsage: 1
  m_Materials:
  - {fileID: 10754, guid: 0000000000000000f000000000000000, type: 0}
  m_StaticBatchInfo:
    firstSubMesh: 0
    subMeshCount: 0
  m_StaticBatchRoot: {fileID: 0}
  m_ProbeAnchor: {fileID: 0}
  m_LightProbeVolumeOverride: {fileID: 0}
  m_ScaleInLightmap: 1
  m_PreserveUVs: 0
  m_IgnoreNormalsForChartDetection: 0
  m_ImportantGI: 0
  m_SelectedEditorRenderState: 0
  m_MinimumChartSize: 4
  m_AutoUVMaxDistance: 0.5
  m_AutoUVMaxAngle: 89
  m_LightmapParameters: {fileID: 0}
  m_SortingLayerID: 872414141
  m_SortingLayer: 4
  m_SortingOrder: 1
  m_Sprite: {fileID: 21300014, guid: 4ad1b95afe38aab4cad17f755a247e0c, type: 3}
  m_Color: {r: 1, g: 1, b: 1, a: 1}
  m_FlipX: 0
  m_FlipY: 0
  m_DrawMode: 0
  m_Size: {x: 0.3, y: 0.52}
  m_AdaptiveModeThreshold: 0.5
  m_SpriteTileMode: 0
  m_WasSpriteAssigned: 1
  m_MaskInteraction: 0
