%YAML 1.1
%TAG !u! tag:unity3d.com,2011:
--- !u!1001 &100100000
Prefab:
  m_ObjectHideFlags: 1
  serializedVersion: 2
  m_Modification:
    m_TransformParent: {fileID: 0}
    m_Modifications: []
    m_RemovedComponents: []
  m_ParentPrefab: {fileID: 0}
  m_RootGameObject: {fileID: 1718779488557876}
  m_IsPrefabParent: 1
--- !u!1 &1378764079625280
GameObject:
  m_ObjectHideFlags: 0
  m_PrefabParentObject: {fileID: 0}
  m_PrefabInternal: {fileID: 100100000}
  serializedVersion: 5
  m_Component:
  - component: {fileID: 4272943852127056}
  - component: {fileID: 114876836799646460}
  m_Layer: 0
  m_Name: Collision
  m_TagString: Untagged
  m_Icon: {fileID: 0}
  m_NavMeshLayer: 0
  m_StaticEditorFlags: 0
  m_IsActive: 1
--- !u!1 &1474458046354494
GameObject:
  m_ObjectHideFlags: 1
  m_PrefabParentObject: {fileID: 0}
  m_PrefabInternal: {fileID: 100100000}
  serializedVersion: 5
  m_Component:
  - component: {fileID: 4583765434863372}
  - component: {fileID: 60847823067509480}
  m_Layer: 0
  m_Name: Collision
  m_TagString: Untagged
  m_Icon: {fileID: 0}
  m_NavMeshLayer: 0
  m_StaticEditorFlags: 0
  m_IsActive: 1
--- !u!1 &1718779488557876
GameObject:
  m_ObjectHideFlags: 0
  m_PrefabParentObject: {fileID: 0}
  m_PrefabInternal: {fileID: 100100000}
  serializedVersion: 5
  m_Component:
  - component: {fileID: 4132989291785230}
  - component: {fileID: 114567732833976322}
  m_Layer: 0
  m_Name: Hallway
  m_TagString: Untagged
  m_Icon: {fileID: 0}
  m_NavMeshLayer: 0
  m_StaticEditorFlags: 0
  m_IsActive: 1
--- !u!1 &1770918951976470
GameObject:
  m_ObjectHideFlags: 0
  m_PrefabParentObject: {fileID: 0}
  m_PrefabInternal: {fileID: 100100000}
  serializedVersion: 5
  m_Component:
  - component: {fileID: 4073629146427638}
  - component: {fileID: 114823255298155578}
  m_Layer: 0
  m_Name: Tile Layer 1
  m_TagString: Untagged
  m_Icon: {fileID: 0}
  m_NavMeshLayer: 0
  m_StaticEditorFlags: 0
  m_IsActive: 1
--- !u!1 &1820155129842858
GameObject:
  m_ObjectHideFlags: 1
  m_PrefabParentObject: {fileID: 0}
  m_PrefabInternal: {fileID: 100100000}
  serializedVersion: 5
  m_Component:
  - component: {fileID: 4198753772314620}
  - component: {fileID: 33893426142776730}
  - component: {fileID: 23077165316531348}
  - component: {fileID: 114465801729807924}
  m_Layer: 0
  m_Name: hallway
  m_TagString: Untagged
  m_Icon: {fileID: 0}
  m_NavMeshLayer: 0
  m_StaticEditorFlags: 0
  m_IsActive: 1
--- !u!1 &1917039364541770
GameObject:
  m_ObjectHideFlags: 1
  m_PrefabParentObject: {fileID: 0}
  m_PrefabInternal: {fileID: 100100000}
  serializedVersion: 5
  m_Component:
  - component: {fileID: 4066367458601804}
  - component: {fileID: 33052487853134060}
  - component: {fileID: 23907171448666852}
  - component: {fileID: 114437653925746024}
  m_Layer: 0
  m_Name: red-collision-box
  m_TagString: Untagged
  m_Icon: {fileID: 0}
  m_NavMeshLayer: 0
  m_StaticEditorFlags: 0
  m_IsActive: 1
--- !u!4 &4066367458601804
Transform:
  m_ObjectHideFlags: 1
  m_PrefabParentObject: {fileID: 0}
  m_PrefabInternal: {fileID: 100100000}
  m_GameObject: {fileID: 1917039364541770}
  m_LocalRotation: {x: -0, y: -0, z: -0, w: 1}
  m_LocalPosition: {x: 0, y: 0, z: 0}
  m_LocalScale: {x: 1, y: 1, z: 1}
  m_Children: []
  m_Father: {fileID: 4272943852127056}
  m_RootOrder: 0
  m_LocalEulerAnglesHint: {x: 0, y: 0, z: 0}
--- !u!4 &4073629146427638
Transform:
  m_ObjectHideFlags: 1
  m_PrefabParentObject: {fileID: 0}
  m_PrefabInternal: {fileID: 100100000}
  m_GameObject: {fileID: 1770918951976470}
  m_LocalRotation: {x: -0, y: -0, z: -0, w: 1}
  m_LocalPosition: {x: 0, y: 0, z: 0}
  m_LocalScale: {x: 1, y: 1, z: 1}
  m_Children:
  - {fileID: 4198753772314620}
  m_Father: {fileID: 4132989291785230}
  m_RootOrder: 0
  m_LocalEulerAnglesHint: {x: 0, y: 0, z: 0}
--- !u!4 &4132989291785230
Transform:
  m_ObjectHideFlags: 1
  m_PrefabParentObject: {fileID: 0}
  m_PrefabInternal: {fileID: 100100000}
  m_GameObject: {fileID: 1718779488557876}
  m_LocalRotation: {x: 0, y: 0, z: 0, w: 1}
  m_LocalPosition: {x: 0, y: 0, z: 0}
  m_LocalScale: {x: 1, y: 1, z: 1}
  m_Children:
  - {fileID: 4073629146427638}
  - {fileID: 4272943852127056}
  m_Father: {fileID: 0}
  m_RootOrder: 0
  m_LocalEulerAnglesHint: {x: 0, y: 0, z: 0}
--- !u!4 &4198753772314620
Transform:
  m_ObjectHideFlags: 1
  m_PrefabParentObject: {fileID: 0}
  m_PrefabInternal: {fileID: 100100000}
  m_GameObject: {fileID: 1820155129842858}
  m_LocalRotation: {x: -0, y: -0, z: -0, w: 1}
  m_LocalPosition: {x: 0, y: 0, z: 0}
  m_LocalScale: {x: 1, y: 1, z: 1}
  m_Children: []
  m_Father: {fileID: 4073629146427638}
  m_RootOrder: 0
  m_LocalEulerAnglesHint: {x: 0, y: 0, z: 0}
--- !u!4 &4272943852127056
Transform:
  m_ObjectHideFlags: 1
  m_PrefabParentObject: {fileID: 0}
  m_PrefabInternal: {fileID: 100100000}
  m_GameObject: {fileID: 1378764079625280}
  m_LocalRotation: {x: -0, y: -0, z: -0, w: 1}
  m_LocalPosition: {x: 0, y: 0, z: 0}
  m_LocalScale: {x: 1, y: 1, z: 1}
  m_Children:
  - {fileID: 4066367458601804}
  - {fileID: 4583765434863372}
  m_Father: {fileID: 4132989291785230}
  m_RootOrder: 1
  m_LocalEulerAnglesHint: {x: 0, y: 0, z: 0}
--- !u!4 &4583765434863372
Transform:
  m_ObjectHideFlags: 1
  m_PrefabParentObject: {fileID: 0}
  m_PrefabInternal: {fileID: 100100000}
  m_GameObject: {fileID: 1474458046354494}
  m_LocalRotation: {x: -0, y: -0, z: -0, w: 1}
  m_LocalPosition: {x: 0, y: 0, z: 0}
  m_LocalScale: {x: 1, y: 1, z: 1}
  m_Children: []
  m_Father: {fileID: 4272943852127056}
  m_RootOrder: 1
  m_LocalEulerAnglesHint: {x: 0, y: 0, z: 0}
--- !u!23 &23077165316531348
MeshRenderer:
  m_ObjectHideFlags: 1
  m_PrefabParentObject: {fileID: 0}
  m_PrefabInternal: {fileID: 100100000}
  m_GameObject: {fileID: 1820155129842858}
  m_Enabled: 1
  m_CastShadows: 0
  m_ReceiveShadows: 0
  m_MotionVectors: 1
  m_LightProbeUsage: 0
  m_ReflectionProbeUsage: 0
  m_Materials:
  - {fileID: 2100000, guid: abe653e4eb5fd6645934fa24ec8c1212, type: 2}
  m_StaticBatchInfo:
    firstSubMesh: 0
    subMeshCount: 0
  m_StaticBatchRoot: {fileID: 0}
  m_ProbeAnchor: {fileID: 0}
  m_LightProbeVolumeOverride: {fileID: 0}
  m_ScaleInLightmap: 1
  m_PreserveUVs: 0
  m_IgnoreNormalsForChartDetection: 0
  m_ImportantGI: 0
  m_SelectedEditorRenderState: 3
  m_MinimumChartSize: 4
  m_AutoUVMaxDistance: 0.5
  m_AutoUVMaxAngle: 89
  m_LightmapParameters: {fileID: 0}
  m_SortingLayerID: 0
  m_SortingLayer: 0
  m_SortingOrder: 0
--- !u!23 &23907171448666852
MeshRenderer:
  m_ObjectHideFlags: 1
  m_PrefabParentObject: {fileID: 0}
  m_PrefabInternal: {fileID: 100100000}
  m_GameObject: {fileID: 1917039364541770}
  m_Enabled: 1
  m_CastShadows: 0
  m_ReceiveShadows: 0
  m_MotionVectors: 1
  m_LightProbeUsage: 0
  m_ReflectionProbeUsage: 0
  m_Materials:
  - {fileID: 2100000, guid: 55b2eafeccd788f43af27b384b887e25, type: 2}
  m_StaticBatchInfo:
    firstSubMesh: 0
    subMeshCount: 0
  m_StaticBatchRoot: {fileID: 0}
  m_ProbeAnchor: {fileID: 0}
  m_LightProbeVolumeOverride: {fileID: 0}
  m_ScaleInLightmap: 1
  m_PreserveUVs: 0
  m_IgnoreNormalsForChartDetection: 0
  m_ImportantGI: 0
  m_SelectedEditorRenderState: 3
  m_MinimumChartSize: 4
  m_AutoUVMaxDistance: 0.5
  m_AutoUVMaxAngle: 89
  m_LightmapParameters: {fileID: 0}
  m_SortingLayerID: 0
  m_SortingLayer: 0
  m_SortingOrder: 1
--- !u!33 &33052487853134060
MeshFilter:
  m_ObjectHideFlags: 1
  m_PrefabParentObject: {fileID: 0}
  m_PrefabInternal: {fileID: 100100000}
  m_GameObject: {fileID: 1917039364541770}
  m_Mesh: {fileID: 4300000, guid: e9fae753827ac1145a64240a15b01ba1, type: 3}
--- !u!33 &33893426142776730
MeshFilter:
  m_ObjectHideFlags: 1
  m_PrefabParentObject: {fileID: 0}
  m_PrefabInternal: {fileID: 100100000}
  m_GameObject: {fileID: 1820155129842858}
  m_Mesh: {fileID: 4300000, guid: 34764da719b58674b9c37cf509cf69be, type: 3}
--- !u!60 &60847823067509480
PolygonCollider2D:
  m_ObjectHideFlags: 1
  m_PrefabParentObject: {fileID: 0}
  m_PrefabInternal: {fileID: 100100000}
  m_GameObject: {fileID: 1474458046354494}
  m_Enabled: 1
  m_Density: 1
  m_Material: {fileID: 0}
  m_IsTrigger: 0
  m_UsedByEffector: 0
  m_UsedByComposite: 0
  m_Offset: {x: 0, y: 0}
  m_SpriteTilingProperty:
    border: {x: 0, y: 0, z: 0, w: 0}
    pivot: {x: 0, y: 0}
    oldSize: {x: 0, y: 0}
    newSize: {x: 0, y: 0}
    adaptiveTilingThreshold: 0
    drawMode: 0
    adaptiveTiling: 0
  m_AutoTiling: 0
  m_Points:
    m_Paths:
    - - {x: 1422, y: -400}
      - {x: 1408, y: -400}
      - {x: 1408, y: -415}
      - {x: 1422, y: -415}
    - - {x: 1454, y: -400}
      - {x: 1440, y: -400}
      - {x: 1440, y: -415}
      - {x: 1454, y: -415}
    - - {x: 1486, y: -400}
      - {x: 1472, y: -400}
      - {x: 1472, y: -415}
      - {x: 1486, y: -415}
    - - {x: 1518, y: -400}
      - {x: 1504, y: -400}
      - {x: 1504, y: -415}
      - {x: 1518, y: -415}
    - - {x: 1550, y: -400}
      - {x: 1536, y: -400}
      - {x: 1536, y: -415}
      - {x: 1550, y: -415}
    - - {x: 1614, y: -432}
      - {x: 1600, y: -432}
      - {x: 1600, y: -447}
      - {x: 1614, y: -447}
    - - {x: 1646, y: -432}
      - {x: 1632, y: -432}
      - {x: 1632, y: -447}
      - {x: 1646, y: -447}
    - - {x: 1294, y: -432}
      - {x: 1280, y: -432}
      - {x: 1280, y: -447}
      - {x: 1294, y: -447}
    - - {x: 1326, y: -432}
      - {x: 1312, y: -432}
      - {x: 1312, y: -447}
      - {x: 1326, y: -447}
    - - {x: 1422, y: -432}
      - {x: 1408, y: -432}
      - {x: 1408, y: -447}
      - {x: 1422, y: -447}
    - - {x: 1550, y: -432}
      - {x: 1536, y: -432}
      - {x: 1536, y: -447}
      - {x: 1550, y: -447}
    - - {x: 1582, y: -432}
      - {x: 1568, y: -432}
      - {x: 1568, y: -447}
      - {x: 1582, y: -447}
    - - {x: 974, y: -464}
      - {x: 960, y: -464}
      - {x: 960, y: -479}
      - {x: 974, y: -479}
    - - {x: 1006, y: -464}
      - {x: 992, y: -464}
      - {x: 992, y: -479}
      - {x: 1006, y: -479}
    - - {x: 1038, y: -464}
      - {x: 1024, y: -464}
      - {x: 1024, y: -479}
      - {x: 1038, y: -479}
    - - {x: 1070, y: -464}
      - {x: 1056, y: -464}
      - {x: 1056, y: -479}
      - {x: 1070, y: -479}
    - - {x: 1102, y: -464}
      - {x: 1088, y: -464}
      - {x: 1088, y: -479}
      - {x: 1102, y: -479}
    - - {x: 1134, y: -464}
      - {x: 1120, y: -464}
      - {x: 1120, y: -479}
      - {x: 1134, y: -479}
    - - {x: 1166, y: -464}
      - {x: 1152, y: -464}
      - {x: 1152, y: -479}
      - {x: 1166, y: -479}
    - - {x: 1198, y: -464}
      - {x: 1184, y: -464}
      - {x: 1184, y: -479}
      - {x: 1198, y: -479}
    - - {x: 1230, y: -464}
      - {x: 1216, y: -464}
      - {x: 1216, y: -479}
      - {x: 1230, y: -479}
    - - {x: 1262, y: -464}
      - {x: 1248, y: -464}
      - {x: 1248, y: -479}
      - {x: 1262, y: -479}
    - - {x: 654, y: -464}
      - {x: 640, y: -464}
      - {x: 640, y: -479}
      - {x: 654, y: -479}
    - - {x: 686, y: -464}
      - {x: 672, y: -464}
      - {x: 672, y: -479}
      - {x: 686, y: -479}
    - - {x: 718, y: -464}
      - {x: 704, y: -464}
      - {x: 704, y: -479}
      - {x: 718, y: -479}
    - - {x: 750, y: -464}
      - {x: 736, y: -464}
      - {x: 736, y: -479}
      - {x: 750, y: -479}
    - - {x: 782, y: -464}
      - {x: 768, y: -464}
      - {x: 768, y: -479}
      - {x: 782, y: -479}
    - - {x: 814, y: -464}
      - {x: 800, y: -464}
      - {x: 800, y: -479}
      - {x: 814, y: -479}
    - - {x: 846, y: -464}
      - {x: 832, y: -464}
      - {x: 832, y: -479}
      - {x: 846, y: -479}
    - - {x: 878, y: -464}
      - {x: 864, y: -464}
      - {x: 864, y: -479}
      - {x: 878, y: -479}
    - - {x: 910, y: -464}
      - {x: 896, y: -464}
      - {x: 896, y: -479}
      - {x: 910, y: -479}
    - - {x: 942, y: -464}
      - {x: 928, y: -464}
      - {x: 928, y: -479}
      - {x: 942, y: -479}
    - - {x: 430, y: -464}
      - {x: 416, y: -464}
      - {x: 416, y: -479}
      - {x: 430, y: -479}
    - - {x: 462, y: -464}
      - {x: 448, y: -464}
      - {x: 448, y: -479}
      - {x: 462, y: -479}
    - - {x: 494, y: -464}
      - {x: 480, y: -464}
      - {x: 480, y: -479}
      - {x: 494, y: -479}
    - - {x: 526, y: -464}
      - {x: 512, y: -464}
      - {x: 512, y: -479}
      - {x: 526, y: -479}
    - - {x: 558, y: -464}
      - {x: 544, y: -464}
      - {x: 544, y: -479}
      - {x: 558, y: -479}
    - - {x: 590, y: -464}
      - {x: 576, y: -464}
      - {x: 576, y: -479}
      - {x: 590, y: -479}
    - - {x: 622, y: -464}
      - {x: 608, y: -464}
      - {x: 608, y: -479}
      - {x: 622, y: -479}
    - - {x: 1614, y: -464}
      - {x: 1600, y: -464}
      - {x: 1600, y: -479}
      - {x: 1614, y: -479}
    - - {x: 1646, y: -464}
      - {x: 1632, y: -464}
      - {x: 1632, y: -479}
      - {x: 1646, y: -479}
    - - {x: 1294, y: -464}
      - {x: 1280, y: -464}
      - {x: 1280, y: -479}
      - {x: 1294, y: -479}
    - - {x: 1326, y: -464}
      - {x: 1312, y: -464}
      - {x: 1312, y: -479}
      - {x: 1326, y: -479}
    - - {x: 1358, y: -464}
      - {x: 1344, y: -464}
      - {x: 1344, y: -479}
      - {x: 1358, y: -479}
    - - {x: 1390, y: -464}
      - {x: 1376, y: -464}
      - {x: 1376, y: -479}
      - {x: 1390, y: -479}
    - - {x: 1422, y: -464}
      - {x: 1408, y: -464}
      - {x: 1408, y: -479}
      - {x: 1422, y: -479}
    - - {x: 1550, y: -464}
      - {x: 1536, y: -464}
      - {x: 1536, y: -479}
      - {x: 1550, y: -479}
    - - {x: 1582, y: -464}
      - {x: 1568, y: -464}
      - {x: 1568, y: -479}
      - {x: 1582, y: -479}
    - - {x: 430, y: -496}
      - {x: 416, y: -496}
      - {x: 416, y: -511}
      - {x: 430, y: -511}
    - - {x: 1646, y: -496}
      - {x: 1632, y: -496}
      - {x: 1632, y: -511}
      - {x: 1646, y: -511}
    - - {x: 430, y: -528}
      - {x: 416, y: -528}
      - {x: 416, y: -543}
      - {x: 430, y: -543}
    - - {x: 1646, y: -528}
      - {x: 1632, y: -528}
      - {x: 1632, y: -543}
      - {x: 1646, y: -543}
    - - {x: 430, y: -560}
      - {x: 416, y: -560}
      - {x: 416, y: -575}
      - {x: 430, y: -575}
    - - {x: 1646, y: -560}
      - {x: 1632, y: -560}
      - {x: 1632, y: -575}
      - {x: 1646, y: -575}
    - - {x: 430, y: -592}
      - {x: 416, y: -592}
      - {x: 416, y: -607}
      - {x: 430, y: -607}
    - - {x: 1646, y: -592}
      - {x: 1632, y: -592}
      - {x: 1632, y: -607}
      - {x: 1646, y: -607}
    - - {x: 430, y: -624}
      - {x: 416, y: -624}
      - {x: 416, y: -639}
      - {x: 430, y: -639}
    - - {x: 1646, y: -624}
      - {x: 1632, y: -624}
      - {x: 1632, y: -639}
      - {x: 1646, y: -639}
    - - {x: 1646, y: -656}
      - {x: 1632, y: -656}
      - {x: 1632, y: -671}
      - {x: 1646, y: -671}
    - - {x: 398, y: -656}
      - {x: 384, y: -656}
      - {x: 384, y: -671}
      - {x: 398, y: -671}
    - - {x: 430, y: -656}
      - {x: 416, y: -656}
      - {x: 416, y: -671}
      - {x: 430, y: -671}
    - - {x: 1294, y: -688}
      - {x: 1280, y: -688}
      - {x: 1280, y: -703}
      - {x: 1294, y: -703}
    - - {x: 1326, y: -688}
      - {x: 1312, y: -688}
      - {x: 1312, y: -703}
      - {x: 1326, y: -703}
    - - {x: 1390, y: -688}
      - {x: 1376, y: -688}
      - {x: 1376, y: -703}
      - {x: 1390, y: -703}
    - - {x: 1422, y: -688}
      - {x: 1408, y: -688}
      - {x: 1408, y: -703}
      - {x: 1422, y: -703}
    - - {x: 1454, y: -688}
      - {x: 1440, y: -688}
      - {x: 1440, y: -703}
      - {x: 1454, y: -703}
    - - {x: 1486, y: -688}
      - {x: 1472, y: -688}
      - {x: 1472, y: -703}
      - {x: 1486, y: -703}
    - - {x: 1518, y: -688}
      - {x: 1504, y: -688}
      - {x: 1504, y: -703}
      - {x: 1518, y: -703}
    - - {x: 1550, y: -688}
      - {x: 1536, y: -688}
      - {x: 1536, y: -703}
      - {x: 1550, y: -703}
    - - {x: 1582, y: -688}
      - {x: 1568, y: -688}
      - {x: 1568, y: -703}
      - {x: 1582, y: -703}
    - - {x: 974, y: -688}
      - {x: 960, y: -688}
      - {x: 960, y: -703}
      - {x: 974, y: -703}
    - - {x: 1006, y: -688}
      - {x: 992, y: -688}
      - {x: 992, y: -703}
      - {x: 1006, y: -703}
    - - {x: 1038, y: -688}
      - {x: 1024, y: -688}
      - {x: 1024, y: -703}
      - {x: 1038, y: -703}
    - - {x: 1070, y: -688}
      - {x: 1056, y: -688}
      - {x: 1056, y: -703}
      - {x: 1070, y: -703}
    - - {x: 1102, y: -688}
      - {x: 1088, y: -688}
      - {x: 1088, y: -703}
      - {x: 1102, y: -703}
    - - {x: 1134, y: -688}
      - {x: 1120, y: -688}
      - {x: 1120, y: -703}
      - {x: 1134, y: -703}
    - - {x: 1166, y: -688}
      - {x: 1152, y: -688}
      - {x: 1152, y: -703}
      - {x: 1166, y: -703}
    - - {x: 1198, y: -688}
      - {x: 1184, y: -688}
      - {x: 1184, y: -703}
      - {x: 1198, y: -703}
    - - {x: 1230, y: -688}
      - {x: 1216, y: -688}
      - {x: 1216, y: -703}
      - {x: 1230, y: -703}
    - - {x: 1262, y: -688}
      - {x: 1248, y: -688}
      - {x: 1248, y: -703}
      - {x: 1262, y: -703}
    - - {x: 654, y: -688}
      - {x: 640, y: -688}
      - {x: 640, y: -703}
      - {x: 654, y: -703}
    - - {x: 686, y: -688}
      - {x: 672, y: -688}
      - {x: 672, y: -703}
      - {x: 686, y: -703}
    - - {x: 718, y: -688}
      - {x: 704, y: -688}
      - {x: 704, y: -703}
      - {x: 718, y: -703}
    - - {x: 750, y: -688}
      - {x: 736, y: -688}
      - {x: 736, y: -703}
      - {x: 750, y: -703}
    - - {x: 782, y: -688}
      - {x: 768, y: -688}
      - {x: 768, y: -703}
      - {x: 782, y: -703}
    - - {x: 814, y: -688}
      - {x: 800, y: -688}
      - {x: 800, y: -703}
      - {x: 814, y: -703}
    - - {x: 846, y: -688}
      - {x: 832, y: -688}
      - {x: 832, y: -703}
      - {x: 846, y: -703}
    - - {x: 878, y: -688}
      - {x: 864, y: -688}
      - {x: 864, y: -703}
      - {x: 878, y: -703}
    - - {x: 1614, y: -688}
      - {x: 1600, y: -688}
      - {x: 1600, y: -703}
      - {x: 1614, y: -703}
    - - {x: 1646, y: -688}
      - {x: 1632, y: -688}
      - {x: 1632, y: -703}
      - {x: 1646, y: -703}
    - - {x: 398, y: -688}
      - {x: 384, y: -688}
      - {x: 384, y: -703}
      - {x: 398, y: -703}
    - - {x: 430, y: -688}
      - {x: 416, y: -688}
      - {x: 416, y: -703}
      - {x: 430, y: -703}
    - - {x: 462, y: -688}
      - {x: 448, y: -688}
      - {x: 448, y: -703}
      - {x: 462, y: -703}
    - - {x: 494, y: -688}
      - {x: 480, y: -688}
      - {x: 480, y: -703}
      - {x: 494, y: -703}
    - - {x: 526, y: -688}
      - {x: 512, y: -688}
      - {x: 512, y: -703}
      - {x: 526, y: -703}
    - - {x: 622, y: -688}
      - {x: 608, y: -688}
      - {x: 608, y: -703}
      - {x: 622, y: -703}
    - - {x: 1294, y: -720}
      - {x: 1280, y: -720}
      - {x: 1280, y: -735}
      - {x: 1294, y: -735}
    - - {x: 1326, y: -720}
      - {x: 1312, y: -720}
      - {x: 1312, y: -735}
      - {x: 1326, y: -735}
    - - {x: 1390, y: -720}
      - {x: 1376, y: -720}
      - {x: 1376, y: -735}
      - {x: 1390, y: -735}
    - - {x: 1422, y: -720}
      - {x: 1408, y: -720}
      - {x: 1408, y: -735}
      - {x: 1422, y: -735}
    - - {x: 1454, y: -720}
      - {x: 1440, y: -720}
      - {x: 1440, y: -735}
      - {x: 1454, y: -735}
    - - {x: 1486, y: -720}
      - {x: 1472, y: -720}
      - {x: 1472, y: -735}
      - {x: 1486, y: -735}
    - - {x: 1518, y: -720}
      - {x: 1504, y: -720}
      - {x: 1504, y: -735}
      - {x: 1518, y: -735}
    - - {x: 1550, y: -720}
      - {x: 1536, y: -720}
      - {x: 1536, y: -735}
      - {x: 1550, y: -735}
    - - {x: 1582, y: -720}
      - {x: 1568, y: -720}
      - {x: 1568, y: -735}
      - {x: 1582, y: -735}
    - - {x: 974, y: -720}
      - {x: 960, y: -720}
      - {x: 960, y: -735}
      - {x: 974, y: -735}
    - - {x: 1006, y: -720}
      - {x: 992, y: -720}
      - {x: 992, y: -735}
      - {x: 1006, y: -735}
    - - {x: 1038, y: -720}
      - {x: 1024, y: -720}
      - {x: 1024, y: -735}
      - {x: 1038, y: -735}
    - - {x: 1070, y: -720}
      - {x: 1056, y: -720}
      - {x: 1056, y: -735}
      - {x: 1070, y: -735}
    - - {x: 1102, y: -720}
      - {x: 1088, y: -720}
      - {x: 1088, y: -735}
      - {x: 1102, y: -735}
    - - {x: 1134, y: -720}
      - {x: 1120, y: -720}
      - {x: 1120, y: -735}
      - {x: 1134, y: -735}
    - - {x: 1166, y: -720}
      - {x: 1152, y: -720}
      - {x: 1152, y: -735}
      - {x: 1166, y: -735}
    - - {x: 1198, y: -720}
      - {x: 1184, y: -720}
      - {x: 1184, y: -735}
      - {x: 1198, y: -735}
    - - {x: 1230, y: -720}
      - {x: 1216, y: -720}
      - {x: 1216, y: -735}
      - {x: 1230, y: -735}
    - - {x: 1262, y: -720}
      - {x: 1248, y: -720}
      - {x: 1248, y: -735}
      - {x: 1262, y: -735}
    - - {x: 654, y: -720}
      - {x: 640, y: -720}
      - {x: 640, y: -735}
      - {x: 654, y: -735}
    - - {x: 686, y: -720}
      - {x: 672, y: -720}
      - {x: 672, y: -735}
      - {x: 686, y: -735}
    - - {x: 718, y: -720}
      - {x: 704, y: -720}
      - {x: 704, y: -735}
      - {x: 718, y: -735}
    - - {x: 750, y: -720}
      - {x: 736, y: -720}
      - {x: 736, y: -735}
      - {x: 750, y: -735}
    - - {x: 782, y: -720}
      - {x: 768, y: -720}
      - {x: 768, y: -735}
      - {x: 782, y: -735}
    - - {x: 814, y: -720}
      - {x: 800, y: -720}
      - {x: 800, y: -735}
      - {x: 814, y: -735}
    - - {x: 846, y: -720}
      - {x: 832, y: -720}
      - {x: 832, y: -735}
      - {x: 846, y: -735}
    - - {x: 878, y: -720}
      - {x: 864, y: -720}
      - {x: 864, y: -735}
      - {x: 878, y: -735}
    - - {x: 398, y: -720}
      - {x: 384, y: -720}
      - {x: 384, y: -735}
      - {x: 398, y: -735}
    - - {x: 430, y: -720}
      - {x: 416, y: -720}
      - {x: 416, y: -735}
      - {x: 430, y: -735}
    - - {x: 462, y: -720}
      - {x: 448, y: -720}
      - {x: 448, y: -735}
      - {x: 462, y: -735}
    - - {x: 494, y: -720}
      - {x: 480, y: -720}
      - {x: 480, y: -735}
      - {x: 494, y: -735}
    - - {x: 526, y: -720}
      - {x: 512, y: -720}
      - {x: 512, y: -735}
      - {x: 526, y: -735}
    - - {x: 622, y: -720}
      - {x: 608, y: -720}
      - {x: 608, y: -735}
      - {x: 622, y: -735}
    - - {x: 1326, y: -752}
      - {x: 1312, y: -752}
      - {x: 1312, y: -767}
      - {x: 1326, y: -767}
    - - {x: 1358, y: -752}
      - {x: 1344, y: -752}
      - {x: 1344, y: -767}
      - {x: 1358, y: -767}
    - - {x: 1390, y: -752}
      - {x: 1376, y: -752}
      - {x: 1376, y: -767}
      - {x: 1390, y: -767}
    - - {x: 654, y: -752}
      - {x: 640, y: -752}
      - {x: 640, y: -767}
      - {x: 654, y: -767}
    - - {x: 686, y: -752}
      - {x: 672, y: -752}
      - {x: 672, y: -767}
      - {x: 686, y: -767}
    - - {x: 718, y: -752}
      - {x: 704, y: -752}
      - {x: 704, y: -767}
      - {x: 718, y: -767}
    - - {x: 750, y: -752}
      - {x: 736, y: -752}
      - {x: 736, y: -767}
      - {x: 750, y: -767}
    - - {x: 782, y: -752}
      - {x: 768, y: -752}
      - {x: 768, y: -767}
      - {x: 782, y: -767}
    - - {x: 814, y: -752}
      - {x: 800, y: -752}
      - {x: 800, y: -767}
      - {x: 814, y: -767}
    - - {x: 846, y: -752}
      - {x: 832, y: -752}
      - {x: 832, y: -767}
      - {x: 846, y: -767}
    - - {x: 878, y: -752}
      - {x: 864, y: -752}
      - {x: 864, y: -767}
      - {x: 878, y: -767}
    - - {x: 910, y: -752}
      - {x: 896, y: -752}
      - {x: 896, y: -767}
      - {x: 910, y: -767}
    - - {x: 526, y: -752}
      - {x: 512, y: -752}
      - {x: 512, y: -767}
      - {x: 526, y: -767}
    - - {x: 558, y: -752}
      - {x: 544, y: -752}
      - {x: 544, y: -767}
      - {x: 558, y: -767}
    - - {x: 590, y: -752}
      - {x: 576, y: -752}
      - {x: 576, y: -767}
      - {x: 590, y: -767}
    - - {x: 622, y: -752}
      - {x: 608, y: -752}
      - {x: 608, y: -767}
      - {x: 622, y: -767}
--- !u!114 &114437653925746024
MonoBehaviour:
  m_ObjectHideFlags: 1
  m_PrefabParentObject: {fileID: 0}
  m_PrefabInternal: {fileID: 100100000}
  m_GameObject: {fileID: 1917039364541770}
  m_Enabled: 1
  m_EditorHideFlags: 0
  m_Script: {fileID: 11500000, guid: 1874989c5e2da094ea00112c6a895694, type: 3}
  m_Name: 
  m_EditorClassIdentifier: 
--- !u!114 &114465801729807924
MonoBehaviour:
  m_ObjectHideFlags: 1
  m_PrefabParentObject: {fileID: 0}
  m_PrefabInternal: {fileID: 100100000}
  m_GameObject: {fileID: 1820155129842858}
  m_Enabled: 1
  m_EditorHideFlags: 0
  m_Script: {fileID: 11500000, guid: 1874989c5e2da094ea00112c6a895694, type: 3}
  m_Name: 
  m_EditorClassIdentifier: 
--- !u!114 &114567732833976322
MonoBehaviour:
  m_ObjectHideFlags: 1
  m_PrefabParentObject: {fileID: 0}
  m_PrefabInternal: {fileID: 100100000}
  m_GameObject: {fileID: 1718779488557876}
  m_Enabled: 1
  m_EditorHideFlags: 0
  m_Script: {fileID: 11500000, guid: c0619e460a775cc458d37cb4a214a189, type: 3}
  m_Name: 
  m_EditorClassIdentifier: 
  Orientation: 0
  StaggerAxis: 1
  StaggerIndex: 0
  HexSideLength: 0
  NumLayers: 2
  NumTilesWide: 64
  NumTilesHigh: 32
  TileWidth: 32
  TileHeight: 32
  ExportScale: 1
  MapWidthInPixels: 2048
  MapHeightInPixels: 1024
  BackgroundColor: {r: 0.5019608, g: 0.5019608, b: 0.5019608, a: 1}
--- !u!114 &114823255298155578
MonoBehaviour:
  m_ObjectHideFlags: 1
  m_PrefabParentObject: {fileID: 0}
  m_PrefabInternal: {fileID: 100100000}
  m_GameObject: {fileID: 1770918951976470}
  m_Enabled: 1
  m_EditorHideFlags: 0
  m_Script: {fileID: 11500000, guid: 36f478cbe2fdbeb43a1a2ec45e99ca69, type: 3}
  m_Name: 
  m_EditorClassIdentifier: 
  Offset: {x: 0, y: 0}
--- !u!114 &114876836799646460
MonoBehaviour:
  m_ObjectHideFlags: 1
  m_PrefabParentObject: {fileID: 0}
  m_PrefabInternal: {fileID: 100100000}
  m_GameObject: {fileID: 1378764079625280}
  m_Enabled: 1
  m_EditorHideFlags: 0
  m_Script: {fileID: 11500000, guid: 36f478cbe2fdbeb43a1a2ec45e99ca69, type: 3}
  m_Name: 
  m_EditorClassIdentifier: 
  Offset: {x: 0, y: 0}
